<?xml version="1.0" encoding="UTF-8"?>
<record xmlns="http://www.loc.gov/MARC21/slim">
   <leader>01499cam a2200301 a 4500</leader>
   <controlfield tag="001">613954</controlfield>
   <controlfield tag="003">NjP</controlfield>
   <controlfield tag="005">20170905103318.0</controlfield>
   <controlfield tag="008">901128s1989    ir a     b    00110 ara d</controlfield>
   <datafield tag="024" ind1="7" ind2=" ">
      <subfield code="a">princeton_aco005015</subfield>
      <subfield code="2">local</subfield>
   </datafield>
   <datafield ind1=" " ind2=" " tag="035">
      <subfield code="a">(OCoLC)31676012</subfield>
   </datafield>
   <datafield ind1=" " ind2=" " tag="035">
      <subfield code="a">(CStRLIN)NJPG90-B53409</subfield>
   </datafield>
   <datafield ind1=" " ind2=" " tag="035">
      <subfield code="9">ACV0069TS</subfield>
   </datafield>
   <datafield ind1=" " ind2=" " tag="035">
      <subfield code="a">613954</subfield>
   </datafield>
   <datafield ind1=" " ind2=" " tag="040">
      <subfield code="a">NjP</subfield>
      <subfield code="c">NjP</subfield>
   </datafield>
   <datafield ind1="0" ind2=" " tag="100">
      <subfield code="a">Muʻizz ibn Bādīs,</subfield>
      <subfield code="c">Prince of Africa,</subfield>
      <subfield code="d">1007 or 1008-1062.</subfield>
      <subfield code="0">http://id.loc.gov/authorities/names/nr90026817</subfield>
   </datafield>
   <datafield ind1="1" ind2="0" tag="245">
      <subfield code="a">ʻUmdat al-kuttāb wa-ʻuddat dhawī al-albāb :</subfield>
      <subfield code="b">fīhi ṣifat al-khaṭṭ wa-al-aqlām wa-al-midād wa-al-liyaq wa-al-ḥibr wa-al-aṣbāgh wa-ālat al-tajlīd /</subfield>
      <subfield code="c">taʼlīf al-Muʻizz ibn Bādīs al-Tamīmī al-Ṣanhājī ; ḥaqqaqahu wa-qaddama la-hu Najīb Māyil al-Harawī, ʻIṣām Makkīyah.</subfield>
   </datafield>
   <datafield ind1=" " ind2=" " tag="250">
      <subfield code="a">al-Ṭabʻah 1.</subfield>
   </datafield>
   <datafield ind1=" " ind2=" " tag="260">
      <subfield code="a">Mashhad, Īrān :</subfield>
      <subfield code="b">Majmaʻ al-Buḥūth al-Islāmīyah,</subfield>
      <subfield code="c">1409 [1989]</subfield>
   </datafield>
   <datafield ind1=" " ind2=" " tag="300">
      <subfield code="a">146 p. :</subfield>
      <subfield code="b">ill. (some col.) ;</subfield>
      <subfield code="c">24 cm.</subfield>
   </datafield>
   <datafield ind1=" " ind2=" " tag="500">
      <subfield code="a">Title page and text partially vocalized.</subfield>
   </datafield>
   <datafield ind1=" " ind2=" " tag="500">
      <subfield code="a">Includes indexes.</subfield>
   </datafield>
   <datafield ind1=" " ind2="0" tag="650">
      <subfield code="a">Books</subfield>
      <subfield code="x">History</subfield>
      <subfield code="y">400-1450.</subfield>
      <subfield code="0">http://id.loc.gov/authorities/subjects/sh85015746</subfield>
   </datafield>
   <datafield ind1=" " ind2="0" tag="650">
      <subfield code="a">Paleography, Arabic.</subfield>
      <subfield code="0">http://id.loc.gov/authorities/subjects/sh87002073</subfield>
   </datafield>
   <datafield ind1=" " ind2="0" tag="650">
      <subfield code="a">Chemistry, Technical.</subfield>
      <subfield code="0">http://id.loc.gov/authorities/subjects/sh85023029</subfield>
   </datafield>
   <datafield ind1="1" ind2=" " tag="700">
      <subfield code="a">Makkīyah, ʻIṣām.</subfield>
   </datafield>
   <datafield ind1="1" ind2=" " tag="700">
      <subfield code="a">Haravī, Najīb Māyil.</subfield>
   </datafield>
   <datafield ind1=" " ind2=" " tag="998">
      <subfield code="a">11/28/94</subfield>
      <subfield code="s">9114</subfield>
      <subfield code="n">NjP</subfield>
      <subfield code="w">NJPG90B53409</subfield>
      <subfield code="d">11/28/90</subfield>
      <subfield code="c">JEB</subfield>
      <subfield code="b">KC</subfield>
      <subfield code="i">941128</subfield>
      <subfield code="l">NJPG</subfield>
   </datafield>
   <datafield ind1=" " ind2=" " tag="911">
      <subfield code="a">19941209</subfield>
   </datafield>
   <datafield ind1=" " ind2=" " tag="912">
      <subfield code="a">19941128000000.0</subfield>
   </datafield>
   <datafield ind1="0" ind2="0" tag="852">
      <subfield code="0">673214</subfield>
      <subfield code="b">nec</subfield>
      <subfield code="t">1</subfield>
      <subfield code="h">Z115.1</subfield>
      <subfield code="i">.M84</subfield>
   </datafield>
   <datafield ind1=" " ind2=" " tag="959">
      <subfield code="a">2000-06-13 00:00:00 -0400</subfield>
   </datafield>
</record>
